<record><leader>00000cas a22000007a 4500</leader><controlfield tag="001">19023934</controlfield><controlfield tag="008">890116d18541856pauwr ne      0    0eng d</controlfield><datafield ind1=" " ind2=" " tag="010"><subfield code="a">sn 89077588 </subfield></datafield><datafield ind1=" " ind2=" " tag="040"><subfield code="a">NPH</subfield><subfield code="b">eng</subfield><subfield code="c">NPH</subfield><subfield code="d">OCLCQ</subfield></datafield><datafield ind1=" " ind2=" " tag="042"><subfield code="a">msc</subfield></datafield><datafield ind1="0" ind2=" " tag="130"><subfield code="a">American freeman (New Castle, Pa.)</subfield></datafield><datafield ind1="1" ind2="0" tag="245"><subfield code="a">American freeman.</subfield></datafield><datafield ind1=" " ind2=" " tag="260"><subfield code="a">New Castle, Pa. :</subfield><subfield code="b">Wm. F. Clark &amp; Co.</subfield></datafield><datafield ind1=" " ind2=" " tag="300"><subfield code="a">v. ;</subfield><subfield code="c">62 cm.</subfield></datafield><datafield ind1=" " ind2=" " tag="310"><subfield code="a">Weekly</subfield></datafield><datafield ind1="1" ind2=" " tag="362"><subfield code="a">Began in 1854; ceased in 1856.</subfield></datafield><datafield ind1=" " ind2=" " tag="500"><subfield code="a">Published simultaneously at Mercer, Pa.</subfield></datafield><datafield ind1=" " ind2=" " tag="588"><subfield code="a">Description based on: Vol. 2, no. 51 (Dec. 19, 1855).</subfield></datafield><datafield ind1=" " ind2=" " tag="752"><subfield code="a">United States</subfield><subfield code="b">Pennsylvania</subfield><subfield code="c">Lawrence</subfield><subfield code="d">New Castle.</subfield></datafield><datafield ind1=" " ind2=" " tag="752"><subfield code="a">United States</subfield><subfield code="b">Pennsylvania</subfield><subfield code="c">Mercer</subfield><subfield code="d">Mercer.</subfield></datafield><datafield ind1="0" ind2="0" tag="785"><subfield code="t">New Castle courant</subfield><subfield code="w">(DLC)sn 84026042</subfield></datafield></record>